% literature %____________________________________________________________________________________________________%____________________________________________________________________________________________________%________________________________________________________________



% _____________________________________________________________________________________________ mathe %____________________________________________________________________________________________________%_______________________________________________________________________


% %____________________________________________________________________________________________________%_______________________________ r ml deeplearning Machine Learning __statistic statistik %___________________________________________________________________________________________

@book{lantz2019,
  title={Machine learning with R.},
  author={Lantz, Brett},
  year={2019},
  publisher={Packt publishing Ltd.},
  location={Birmingham}
}



@book{chollet2018,
  title={Deep Learning mit R und Keras. Das Praxis-Handbuch von den Entwicklern von Keras und RStudio},
  author={Chollet, Fran{\c{c}}ois and Allaire, Joseph J},
  year={2018},
  publisher={Manning},
  location={Shelter Island}
}

@article{killick2014,
  title={changepoint. An R package for changepoint analysis},
  author={Killick, Rebecca and Eckley, Idris},
  journal={Journal of statistical software},
  volume={58},
  number={3},
  pages={1--19},
  year={2014}
}

@book{doring2016,
  title={Forschungsmethoden und Evaluation},
  author={D{\"o}ring, Nicola and Bortz, J{\"u}rgen},
  location={Wiesbaden},
  year={2016},
  publisher={Springer}
}



% %____________________________________________________________________________________emperiepraktikum%____________ SHUNT ___ shunt %____________________________________________________________________________________________________%_________________________________________________________________

% emma bark

@article{EmanuelundEmanuel1992,
  title = {Special Commnication. Four Models of the Physician-Patient Relationship},
  author = {Emanuel, Ezekiel J. and Emanuel, Linda L.}, 
  journal = {JAMA},
  year = {1992},
  number = {267},
  volume = {16},
  publisher = {Research Library},
  pages = {2221--2226},
  doi={https://www.researchgate.net/publication/21598527_Four_Models_of_the_Physician-Patient_Relationship}
}
 
@thesis{Hunold2014,
  title={Erfassung der Qualität der Arzt-Patient-Beziehung. Evaluation der deutschen Version des Patient Reactions Assesment (PRA-D)},
  year={2014},
  author={Hunold, Gabriela},
  school={Friedrich-Schiller-Universität Jena}
}
 
 
@article{KabaundSooriakumaran2007,
  title = {The evolution of the doctor-patient relationship},
  author = {Kaba, R. and Sooriakumaran, P.}, 
  journal = {International Journal Of Surgery },
  year = {2007},
  number = {5},
  publisher = {Elsevier},
  pages = {57--65},
  doi={https://reader.elsevier.com/reader/sd/pii/S1743919106000094?token=1F73F6A5CE89BB4A0777062B57548807BB7204FBD296507DAC65EAE59CDE679D7F3433E8568D1F2226A1E3AF94B8A79A&originRegion=eu-west-1&originCreation=20210812142742}
}
 
@article{Ongetal.1995,
  title = {Doctor-Patient Communication: a review of the literature },
  author = {Ong, L. M. L. and DeHaes J.C. J. M. and Hoos, A. M. and Lammes, F. B.}, 
  journal = {JOURNALTITLE},
  year = {1995},
  number = {07},
  volume = {40},
  publisher = {Elsevier},
  pages = {903--918},
  doi={https://in.bgu.ac.il/en/fohs/communityhealth/Family/Documents/DOCTOR-PATIENT%20COMMUNICATION%20A%20REVIEW%20OF.pdf}
}
 
@inbook{RothenfluhundSchulz2019,
  title = { Arzt-Patient-Kommunikation},
  author = {Rothenfluh, Fabia and Schulz, Peter J.},
  year = {2019},
  booktitle = {Handbuch der Gesundheitskommunikation.Kommunikationswissenschaftliche Perspektiven},
  editor = {Rossmann, Constanze and Hastall, Matthias R.},
  publisher = {Springer},
  location = {Wiesbaden},
  pages = {69--80}
}
 
 
@article{Scheibleretal.2003,
  title = {Shared decision making: ein Überblicksartikel über die internationale Forschungsliteratur.},
  author = {Scheibler, F. and Janßen, C. and Pfaff, H.}, 
  journal = {Sozial- und Präventivmedizin},
  year = {2003},
  number = {48},
  publisher = {Springer},
  pages = {11--23},
  doi={https://link.springer.com/article/10.1007/s000380300002}
}


%aleksej chaichan

@article{who1995,
  title={The World Health Organization quality of life assessment (WHOQOL). position paper from the World Health Organization},
  author={Whoqol--Group},
  journal={Social science \& medicine},
  volume={41},
  number={10},
  pages={1403--1409},
  year={1995},
  publisher={Elsevier}
}

@article{oecd,
  title={How's Life? 2020 Measuring Well-being},
  author={OECD},
  journal={},
  volume={},
  pages={},
  year={2020},
  doi={https://doi.org/10.1787/23089679}
}

@article{diener1997,
  title={Measuring quality of life. Economic, social, and subjective indicators},
  author={Diener, Ed and Suh, Eunkook},
  journal={Social indicators research},
  volume={40},
  number={1},
  pages={189--216},
  year={1997},
  publisher={Springer}
}

@article{ong2000,
  title={Doctor--patient communication and cancer patients’ quality of life and satisfaction},
  author={Ong, Lucille ML and Visser, Mechteld RM and Lammes, Frits B and De Haes, Johanna CJM},
  journal={Patient education and counseling},
  volume={41},
  number={2},
  pages={145--156},
  year={2000},
  publisher={Elsevier}
}

@article{radoschewski2000,
  title = {Gesundheitsbezogene Lebensqualit{\"a}t. Konzepte und Ma{\ss}e},
  author = {Radoschewski, Michael}, 
  journal = {Bundesgesundheitsblatt-Gesundheitsforschung-Gesundheitsschutz},
  year = {2000},
  number = {3},
  volume = {43},
  publisher = {Springer},
  pages = {165--189}
}

@article{andress1999,
  title={Lebensstandard nicht allein von Einkommen abh{\"a}ngig. Ergebnisse einer aktuellen Umfrage},
  author={Andre{\ss}, Hans-J{\"u}rgen and Lipsmeier, Gero},
  journal={Informationsdienst Soziale Indikatoren},
  volume={21},
  pages={5--8},
  year={1999},
  doi={https://nbn-resolving.org/urn:nbn:de:0168-ssoar-213260}
}

@article{kohlmann2014,
  title={Messung von Lebensqualit{\"a}t. So einfach wie m{\"o}glich, so differenziert wie n{\"o}tig},
  author={Kohlmann, Thomas},
  journal={Zeitschrift f{\"u}r Evidenz, Fortbildung und Qualit{\"a}t im Gesundheitswesen},
  volume={108},
  number={2-3},
  pages={104--110},
  year={2014},
  publisher={Elsevier}
}


@article{who1997,
  title={Quality of life assessment. The World Health Organization perspective},
  author={WHOQOL--Group},
  journal={European Psychiatry},
  volume={12},
  number={2},
  pages={263--266},
  year={1997},
  publisher={Elsevier},
  doi={https://doi.org/10.1016/S0924-9338(97)89095-5}
}


@inbook{schumacher2003,
  title = {Diagnostik von Lebensqualit{\"a}t und Wohlbefinden--Eine Einf{\"u}hrung},
  author = {Schumacher, J{\"o}rg and Klaiberg, Antje and Br{\"a}hler, Elmar},
  year = {2003},
  booktitle = {Diagnostische Verfahren zu Lebensqualit{\"a}t und Wohlbefinden},
  editor = {Schumacher, J{\"o}rg and Klaiberg, Antje and Br{\"a}hler, Elmar},
  volume = {2},
  publisher = {Hogrefe},
  location = {G{\"o}ttingen},
  pages = {9--24}
}



@inbook{renneberg2006,
  title = {Lebensqualit{\"a}t },
  author = {Babette Renneberg and Sonia Lippke},
  year = {2006},
  booktitle = {Gesundheitspsychologie},
  editor = {B. Renneberg and P. Hammelstein},
  publisher = {Springer},
  location = {Heidelberg},
  pages = {29--33}
}

@inbook{zapf1993,
  title = {Wohlfahrtsentwicklung und Modernisierung},
  author = {Zapf, Wolfgang},
  year = {1993},
  booktitle = {Einstellungen und Lebensbedingungen in Europa},
  editor = {W. Glatzer},
  publisher = {Campus-Verlag},
  location = {Frankfurt am Main},
  pages = {163--176}
}


@book{joyce1999,
  title={Individual quality of life. Approaches to conceptualisation and assessment},
  author={Joyce, Charles Richard Boddington and McGee, Hannah M and O'Boyle, Ciaran A},
  year={1999},
  publisher={Harwood Academic Publishers},
  location={Amsterdam}
}

@book{pigou2013,
  title={The economics of welfare},
  author={Pigou, Arthur Cecil},
  year={1924},
  publisher={Macmillan {\&} Co.},
  location={London}
}

@book{wendt2017,
  title={Ökonomie der Lebensführung. Wohlfahrtsbezogene Lebensführung im Kontext sozialen Wirtschaftens},
  author={Wendt, Wolf Rainer},
  year={2017},
  publisher={Nomos},
  location={Baden-Baden}
}

@book{zapf1996,
  title={Lebenslagen im Wandel. Sozialberichterstattung im L{\"a}ngsschnitt},
  author={Zapf, Wolfgang and Schupp, J{\"u}rgen and Habich, Roland},
  volume={7},
  year={1996},
  publisher={Campus Verlag},
  location={Frankfurt am Main}
}

@book{schubel2015,
  title={Grenzen der Medizin. Zur diskursiven Konstruktion medizinischen Wissens {\"u}ber Lebensqualit{\"a}t},
  author={Sch{\"u}bel, Thomas},
  year={2015},
  publisher={Springer},
  location={Wiesbaden}
}

@book{knecht2010,
  title={Lebensqualität produzieren. Ressourcentheorie und Machtanalyse des Wohlfahrtsstaats},
  author={Knecht, Alban},
  year={2010},
  publisher={Springer},
  location={Wiesbaden}
}

@book{siegrist2000,
  title={Soziale Lage und gesundheitsbezogene Lebensqualit{\"a}t. Befragungsergebnisse einer repr{\"a}sentativen Stichprobe der deutschen Bev{\"o}lkerung},
  author={Siegrist, J and Starke, D and Laubach, W and Br{\"a}hler, E},
  year={2000}
}


@thesis{koditz,
  title={Exploring Life with a Shunt. Qualitative Interviews with Hydrocephalic Patients with a CDF--Shunt},
  year={2020},
  author={Köditz, David},
  school={Kassel School of Medicine and University of Southampton}
}




% ____________________________________________________________________ einstmess __________ sozialwissenschaftliche einstellungsmessung %________sowi____einstellmess________________________________________________________________________%______________________________________________________________________________________


@article{schmidt2008,
  title={Ungleichheit--ein Problem f{\"u}r politische Ordnungen},
  author={Schmidt, Rainer},
  journal={Wissenschaftliche Zeitschrift der Technischen Universit{\"a}t Dresden},
  volume={57},
  number={3-4},
  pages={86--89},
  year={2008},
  publisher={Technische Universit{\"a}t},
  location={Dresden}
}

@article{swain2008,
  title={Assessing three sources of misresponse to reversed Likert items},
  author={Swain, Scott D and Weathers, Danny and Niedrich, Ronald W},
  journal={Journal of Marketing Research},
  volume={45},
  number={1},
  pages={116--131},
  year={2008},
  publisher={SAGE Publications Sage CA: Los Angeles, CA}
}

@article{weijters2012,
  title={Misresponse to reversed and negated items in surveys: A review},
  author={Weijters, Bert and Baumgartner, Hans},
  journal={Journal of Marketing Research},
  volume={49},
  number={5},
  pages={737--747},
  year={2012},
  publisher={SAGE Publications Sage CA: Los Angeles, CA}
}


@article{herche1996,
  title={Reversed-polarity items and scale unidimensionality},
  author={Herche, Joel and Engelland, Brian},
  journal={Journal of the academy of marketing science},
  volume={24},
  number={4},
  pages={366--374},
  year={1996},
  publisher={Springer}
}

@inbook{dunning2011,
  title={The Dunning--Kruger effect: On being ignorant of one's own ignorance},
  author={Dunning, David},
  booktitle={Advances in experimental social psychology},
  editor = {James M. Olson and Mark P. Zanna},
  volume={44},
  pages={247--296},
  year={2011},
  publisher={Elsevier}
}

@book{wooldridge2015,
  title={Introductory econometrics: A modern approach},
  author={Wooldridge, Jeffrey M},
  year={2015},
  publisher={Cengage learning},
  location={Boston, MA}
}

@article{o2007,
  title={A caution regarding rules of thumb for variance inflation factors},
  author={O’brien, Robert M},
  journal={Quality \& quantity},
  volume={41},
  number={5},
  pages={673--690},
  year={2007},
  publisher={Springer}
}


@book{bortz2011,
  title={Statistik f{\"u}r Human-und Sozialwissenschaftler},
  author={Bortz, J{\"u}rgen and Schuster, Christof},
  year={2011},
  publisher={Springer-Verlag},
  location={Berlin, Heidelberg}
}


@book{kuckartz2012,
  title={Qualitative Inhaltsanalyse},
  author={Kuckartz, Udo},
  year={2012},
  publisher={Beltz Juventa Weinheim},
  location={Weinheim, Basel}
}

@book{benesch2013,
  title = {Schlüsselkonzepte zur Statistik},
  author = {Benesch, T},
  year = {2013},
  publisher = {Spektrum Akademischer Verlag},
  location = {Heidelberg}
}


@article{lenzner2015,
  title={Kognitives pretesting},
  author={Lenzner, Timo and Neuert, Cornelia and Otto, Wanda and others},
  journal={Mannheim, GESIS--Leibniz-Institut f{\"u}r Sozialwissenschaften (GESIS Survey Guidelines)},
  volume={10},
  year={2015}
}

@article{beatty2007,
  title={Research synthesis: The practice of cognitive interviewing},
  author={Beatty, Paul C and Willis, Gordon B},
  journal={Public opinion quarterly},
  volume={71},
  number={2},
  pages={287--311},
  year={2007},
  publisher={Oxford University Press}
}

@article{albaum1997,
  title={The Likert scale revisited},
  author={Albaum, Gerald},
  journal={Market Research Society. Journal.},
  volume={39},
  number={2},
  pages={1--21},
  year={1997},
  publisher={SAGE Publications Sage UK: London, England}
}


@article{grabka2018,
  title={Einkommensverteilung in Deutschland: Realeinkommen sind seit 1991 gestiegen, aber mehr Menschen beziehen Niedrigeinkommen},
  author={Grabka, Markus M and Goebel, Jan},
  journal={DIW Wochenbericht},
  volume={85},
  number={21},
  pages={449--459},
  year={2018},
  publisher={Berlin: Deutsches Institut f{\"u}r Wirtschaftsforschung (DIW)}
}

@article{krempkow2017,
  title = {Herausforderung chancengerechte Bildung-Von der Grundschule bis zur Promotion},
  author = {Krempkow, René}, 
  journal = { Internationalisierung, Vielfalt und Inklusion in der Wissenschaft},
  year = {2017},
  number = {4},
  publisher = {Universitätsverlag Weber},
  pages = {117--123},
}

@article{schleicher2019,
  title={PISA 2018: Insights and Interpretations.},
  author={Schleicher, Andreas},
  journal={OECD Publishing},
  year={2019},
  publisher={ERIC}
}

@article{wahrendorf2021,
  title={Erh{\"o}htes Risiko eines COVID-19-bedingten Krankenhausaufenthaltes f{\"u}r Arbeitslose: Eine Analyse von Krankenkassendaten von 1,28 Mio. Versicherten in Deutschland},
  author={Wahrendorf, Morten and Rupprecht, Christoph J and Dortmann, Olga and Scheider, Maria and Dragano, Nico},
  journal={Bundesgesundheitsblatt-Gesundheitsforschung-Gesundheitsschutz},
  volume={64},
  number={3},
  pages={314--321},
  year={2021},
  publisher={Springer}
}

@article{lampert2016,
  title={Soziale Ungleichheit und Gesundheit},
  author={Lampert, Thomas and Richter, Matthias and Schneider, Sven and Spallek, Jacob and Dragano, Nico},
  journal={Bundesgesundheitsblatt-Gesundheitsforschung-Gesundheitsschutz},
  volume={59},
  number={2},
  pages={153--165},
  year={2016},
  publisher={Springer}
}


@article{geiling2009,
  title={Soziale Milieus als Erkl{\"a}rungsmodell f{\"u}r Wahlverhalten?},
  author={Geiling, Heiko},
  journal={Manuskript f{\"u}r die Statistische Woche},
  year={2009},
  location={Leibniz Universität Hannover}
}

@book{bourdieu1987,
  title={Die feinen unterschiede},
  author={Bourdieu, Pierre},
  year={1987},
  publisher={Suhrkamp},
  location={Frankfurt am Main}
}



@article{cronbach1951,
  title={Coefficient alpha and the internal structure of tests},
  author={Cronbach, Lee J},
  journal={Psychometrika},
  volume={16},
  number={3},
  pages={297--334},
  year={1951},
  publisher={Springer}
}


@book{fisseni2004,
  title={Lehrbuch der psychologischen Diagnostik},
  author={Fisseni, Hermann-Josef},
  year={2004},
  publisher={Hogrefe},
  location={Göttingen}
}


@book{mummendey2014,
  title={Die Fragebogen-Methode. Grundlagen und Anwendung in Pers{\"o}nlichkeits-, Einstellungs-und Selbstkonzeptforschung},
  author={Mummendey, Hans Dieter and Grau, Ina},
  year={2014},
  publisher={Hogrefe Verlag},
  location={Göttingen}
}

@article{bartlett1974,
  title={When is a correlation matrix appropriate for factor analysis? Some decision rules.},
  author={Dziuban, Charles D. and Shirkey, Edwin C.},
  journal={Psychological bulletin},
  volume={81},
  number={6},
  pages={358},
  year={1974},
  publisher={American Psychological Association}
}


@book{habing2003,
  title={Exploratory factor analysis theory and application},
  author={Habing, B},
  year={2003}
}

@book{field2013,
  title={Discovering statistics using IBM SPSS statistics},
  author={Field, Andy},
  year={2013},
  publisher={sage},
  location={london}
}

@inbook{wolff2010,
  title={Hauptkomponentenanalyse und explorative Faktorenanalyse},
  author={Wolff, Hans-Georg and Bacher, Johann},
  booktitle={Handbuch der sozialwissenschaftlichen Datenanalyse},
  editor={Wolf, C. and Best, H.},
  pages={333--365},
  year={2010},
  publisher={VS Verlag für Sozialwissenschaften},
  location={Wiesbaden}
}

@book{moosbrugger2012,
  title={Testtheorie und Fragebogenkonstruktion},
  author={Moosbrugger, Helfried and Kelava, Augustin},
  year={2012},
  publisher={Springer},
  location={Berlin, Heidelberg}
}



@book{buhner2011,
  title={Einf{\"u}hrung in die Test-und Fragebogenkonstruktion},
  author={B{\"u}hner, Markus},
  year={2011},
  publisher={Pearson Deutschland GmbH},
  location={München}
}

@book{lewin1986,
  title={Psychologische Forschung im Umri{\ss}},
  author={Lewin, Miriam},
  year={1986},
  publisher={Springer-Verlag},
  location={Berlin-Heidelberg}
}

@book{lenzner2011,
  title={A psycholinguistic look at survey question design and response quality},
  author={Lenzner, T.},
  year={2011},
  publisher={MADOC},
  location={Mannheim}
}

@inbook{tourangeau1984,
  title = {Cognitive science and survey methods},
  author = {Tourangeau, R.},
  year = {1984},
  booktitle = {Cognitive aspects of survey methodology. Building a bridge between disciplines},
  editor = {Jabine, T. B. and Straf, M. L. and Tanur, J. M. and Tourangeau, R.},
  publisher = { National Academy Press},
  location = {Washington. DC},
  pages = {73--100}
}

@book{thurstone1929,
  title={The Measurement of Attitudes},
  author={Thurstone, LL and Chave, E},
  year={1929},
  publisher={Chicago: University of Chicago Press}
}

@article{lenzner2016,
  title={GESIS Survey Guideline},
  author={Lenzner, Timo and Neuert, C and Otto, W and others},
  journal={Mannheim, Germany: GESIS-Leibnitz Institute for the Social Sciences},
  year={2016}
}


@article{terwey2014,
  title={Zur Gewichtung von ALLBUS-Umfragedaten},
  author={Terwey, Michael},
  journal={Variable Report ALLBUS/Allgemeine Bev{\"o}lkerungsumfrage der Sozialwissenschaften Kumulation 1980-2012. ZA},
  year={2014}
}


@online{allbus2004,
  author={GESIS - Leibniz-Institut f{\"u}r Sozialwissenschaften},
  title={ALLBUS/GGSS 2004},
  year={2004},
  howpublished={GESIS Data Archive, Cologne. ZA3762 Data file Version 2.0.0, https://doi.org/10.4232/1.10977},
  doi={10.4232/1.10977},
  urldate={2021-09-18}
}

@inbook{blohm2005,
    title = {Die Allgemeine Bevölkerungsumfrage der Sozialwissenschaften (ALLBUS)},
    author = {Blohm, Michael},
    year = {2005},
    booktitle = {BOOKTITLE},
    editor = {Grötzinger, Gerd and Matisake, Wenzel},
    publisher = {Hampp},
    location = {München},
    pages = {43--55}
  }  

@article{pappi1977,
  title={Sozialstruktur, gesellschaftliche Wertorientierungen und Wahlabsicht. Ergebnisse eines Zeitvergleichs des deutschen Elektorats 1953 und 1976},
  author={Pappi, Franz Urban},
  journal={Politische Vierteljahresschrift},
  volume={18},
  number={2/3},
  pages={195--229},
  year={1977},
  publisher={Springer}
}


@book{campbell1960,
  title={The american voter},
  author={Campbell, Angus and Converse, Philip E and Miller, Warren E and Stokes, Donald E},
  year={1960},
  publisher={University of Chicago Press},
  location={Chicago}
}

@inbook{schoen2009,
  title={Wahlsoziologie},
  author={Schoen, Harald},
  booktitle={Politische Soziologie},
  editor={Kaina, Viktoria and Römmele, Andrea},
  pages={181--208},
  year={2009},
  publisher={Springer},
  location={Wiesbaden}
}


@article{robotham2000,
  title={Blackening the Jamaican nation: The travails of a black bourgeoisie in a globalized world},
  author={Robotham, Don},
  journal={Identities Global Studies in Culture and Power},
  volume={7},
  number={1},
  pages={1--37},
  year={2000},
  publisher={Taylor \& Francis}
}


@article{pappi1974,
  title={Gesellschaftliche Wertorientierungen und politisches Verhalten/Social value orientations and political behavior},
  author={Pappi, Franz Urban and Laumann, Edward O},
  journal={Zeitschrift f{\"u}r Soziologie},
  volume={3},
  number={2},
  pages={157--188},
  year={1974},
  publisher={Lucius \& Lucius}
}

@inbook{duke1967,
  title = {Egalitarianism and the future leaders in Jamaica.},
  author = {Duke, James T.},
  year = {1967},
  booktitle = {The Demokratic Revolution in the West Indies},
  editor = {Bell, Wendell},
  location  = {Cambridge, Mass},
  publisher = {Schenkmann},
  pages = {115--139}
}

@article{bell1962,
  title={Equality and attitudes of elites in Jamaica},
  author={Bell, Wendell},
  journal={Social and Economic Studies},
  pages={409--432},
  year={1962},
  publisher={JSTOR}
}


@inbook{bohner2002,
  title = {Einstellungen},
  author = {Bohner, Gerd},
  year = {2002},
  booktitle = {Sozialpsychologie},
  editor = {Stroebe, W. and Jonas, K. and Hewstone, M.},
  publisher = {Springer},
  location = {Berlin, Heidelberg},
  pages = {265--315}
}



@book{eagly1993,
  title = {The psychology of attitudes},
  author = {Eagly, A. H. and Chaiken, S.},
  year = {1993},
  editor = {Fiske, S. T. and Lindzey, G.},
  publisher = {Fort Worth},
  location = {TX: Harcourt Brace Jovanovich},
}


@article{mayer2014,
  title={Sozial Ungleichheit. Zusammenstellung sozialwissenschaftlicher Items und Skalen. (ZIS)},
  author={Mayer, K. U. and Kraus, V. and Schmidt, P.},
  year={2014}
}

@inbook{scheuch1976,
  title = {Das Interview in der Sozialforschung},
  author = {Scheuch, Erwin},
  year = {1976},
  booktitle = {Grundlegende Methoden und Techniken der empirischen Sozialforschung: Erster Teil},
  editor = {König, René},
  publisher = {Enke},
  location = {Stuttgart},
  pages = {66--190}
}

@book{dillman2008,
  title={Internet, mail, and mixed-mode surveys. The tailored design approach},
  author={Dillman, D. A. and Smyth, J. D. and Christian, M.},
  year={2008},
  publisher={Wile},
  location={New York}
}



% soz praxis  praktikum nachbereitung %____________________________________________________________________________________________________%____________________________________________________________________________________________________%________________________________________________________________























% soz ungleichheit allbus %____________________________________________________________________________________________________%____________________________________________________________________________________________________%________________________________________________________________






%_________________u_hoch_3_______________________________________________________________
%________________________________________________________________________________________

@misc{jungblut_2020, title={Rückblick 2020 - Chronologie eines Schuljahrs in der Coronakrise}, url={https://www.deutschlandfunk.de/rueckblick-2020-chronologie-eines-schuljahrs-in-der.680.de.html?dram%3Aarticle_id=489919}, journal={Deutschlandfunk}, author={Jungblut, Von Matthis}, year={2020}, month={Dec}} 

@misc{hessisches_kultusministerium_2021, title={Aktuelle Informationen zu Corona}, url={https://kultusministerium.hessen.de/schulsystem/aktuelle-informationen-zu-corona}, journal={Aktuelle Informationen zu Corona | Hessisches Kultusministerium}, year={2021}, month={Jun}} 

@misc{landkreis_kassel, title={Pressemitteilungen}, url={https://www.landkreiskassel.de/pressemitteilungen/index.php?form=search-1.form&amp;sp%3Afulltext%5B%5D=&amp;sp%3AdateRange%5B%5D=__last__&amp;sp%3Apage%5Bsearch-1.form%5D%5B0%5D=11&amp;action=submit}, journal={Landkreis Kassel}} 

@misc{corona_zahlen, title={Corona-Zahlen für Kassel}, url={https://www.corona-in-zahlen.de/landkreise/sk%20kassel/}, journal={Corona Zahlen für Kassel - aktuelle COVID-19 Statistik}} 

