/home/imac/Dropbox/googlebox/literature.bib