/Users/user/Dropbox/googlebox/literature.bib